@article{mbse,
	author = {Friedenthal, Sanford and Griego, Regina and Sampson, Mark},
	year = {2009},
	month = {01},
	pages = {},
	title = {INCOSE Model Based Systems Engineering (MBSE) Initiative}
}

@book{ModelTransformation,
	title={MDA Explained: The Model Driven Architecture : Practice and Promise},
	author={Kleppe, A.G. and Warmer, J. and Warmer, J.B. and Bast, W.},
	isbn={9780321194428},
	lccn={2003043725},
	series={Object technology},
	url={https://books.google.hu/books?id=nC6oS5xQGukC},
	year={2003},
	publisher={Addison-Wesley}
}

@Inbook{Steffen2011,
	author="Steffen, Bernhard
	and Howar, Falk
	and Merten, Maik",
	editor="Bernardo, Marco
	and Issarny, Val{\'e}rie",
	title="Introduction to Active Automata Learning from a Practical Perspective",
	bookTitle="Formal Methods for Eternal Networked Software Systems: 11th International School on Formal Methods for the Design of Computer, Communication and Software Systems, SFM 2011, Bertinoro, Italy, June 13-18, 2011. Advanced Lectures",
	year="2011",
	publisher="Springer Berlin Heidelberg",
	address="Berlin, Heidelberg",
	pages="256--296",
	isbn="978-3-642-21455-4",
	doi="10.1007/978-3-642-21455-4_8",
	url="https://doi.org/10.1007/978-3-642-21455-4_8"
}

@book {majzikform,
	author = {Bartha Tamás, Majzik István},
	title = {Biztonságra tervezés és biztonságigazolás formális módszerei},
	year = {2019},
	publisher = {Akadémiai Kiadó},
	isbn = {978 963 454 291 9},
	doi = {10.1556/9789634542919},
	URL = {https://mersz.hu/kiadvany/534}
}

@InProceedings{10.1007/978-3-642-34781-8_19,
	author="Merten, Maik
	and Howar, Falk
	and Steffen, Bernhard
	and Margaria, Tiziana",
	editor="H{\"a}hnle, Reiner
	and Knoop, Jens
	and Margaria, Tiziana
	and Schreiner, Dietmar
	and Steffen, Bernhard",
	title="Automata Learning with On-the-Fly Direct Hypothesis Construction",
	booktitle="Leveraging Applications of Formal Methods, Verification, and Validation",
	year="2012",
	publisher="Springer Berlin Heidelberg",
	address="Berlin, Heidelberg",
	pages="248--260",
	isbn="978-3-642-34781-8"
}

@InProceedings{10.1007/978-3-319-11164-3_26,
	author="Isberner, Malte
	and Howar, Falk
	and Steffen, Bernhard",
	editor="Bonakdarpour, Borzoo
	and Smolka, Scott A.",
	title="The TTT Algorithm: A Redundancy-Free Approach to Active Automata Learning",
	booktitle="Runtime Verification",
	year="2014",
	publisher="Springer International Publishing",
	address="Cham",
	pages="307--322",
	isbn="978-3-319-11164-3"
}

